@book{csharpnutshell,
    author    = "Joseph Albahari y Ben Albahari",
    title     = "C\# 7.0 in a Nutshell",
    year      = "2017",
    publisher = "O' Reilly",
}

@online{knuthwebsite,
    author = "Microsoft",
    title = "Documentaci√≥n C\#",
    url  = "https://docs.microsoft.com/es-es/dotnet/csharp/"
}

@online{unityreference,
    author = "Unity",
    title = "Unity Scripting Reference",
    url  = "https://docs.unity3d.com/ScriptReference/"
}